<record><leader>00000cas a22000007a 4500</leader><controlfield tag="001">13291763</controlfield><controlfield tag="008">860313d18831888wvuwr ne      0    0eng d</controlfield><datafield ind1=" " ind2=" " tag="010"><subfield code="a">sn 86092397 </subfield></datafield><datafield ind1=" " ind2=" " tag="040"><subfield code="a">WVC</subfield><subfield code="b">eng</subfield><subfield code="c">WVC</subfield><subfield code="d">OCL</subfield><subfield code="d">OCLCQ</subfield></datafield><datafield ind1=" " ind2=" " tag="042"><subfield code="a">msc</subfield></datafield><datafield ind1="0" ind2=" " tag="130"><subfield code="a">Mountain echo (Addison, W. Va.)</subfield></datafield><datafield ind1="1" ind2="4" tag="245"><subfield code="a">The mountain echo.</subfield></datafield><datafield ind1=" " ind2=" " tag="260"><subfield code="a">Addison, W. Va. :</subfield><subfield code="b">John N. Wolf,</subfield><subfield code="c">1883-</subfield></datafield><datafield ind1=" " ind2=" " tag="300"><subfield code="a">v.</subfield></datafield><datafield ind1=" " ind2=" " tag="310"><subfield code="a">Weekly</subfield></datafield><datafield ind1="0" ind2=" " tag="362"><subfield code="a">Vol. 1, no. 1 (Jan. 26, 1883)-</subfield></datafield><datafield ind1="1" ind2=" " tag="362"><subfield code="a">Ceased in June, 1888.</subfield><subfield code="z">Cf. Chapman, B.B. Education in Central W. Va.</subfield></datafield><datafield ind1=" " ind2=" " tag="500"><subfield code="a">Addison is now the official name of the town and Webster Springs is the name of the P.O. but the town is commonly called Webster Springs.</subfield></datafield><datafield ind1=" " ind2=" " tag="752"><subfield code="a">United States</subfield><subfield code="b">West Virginia</subfield><subfield code="c">Webster</subfield><subfield code="d">Addison.</subfield></datafield><datafield ind1=" " ind2=" " tag="752"><subfield code="a">United States</subfield><subfield code="b">West Virginia</subfield><subfield code="c">Webster</subfield><subfield code="d">Webster Springs.</subfield></datafield><datafield ind1="0" ind2="1" tag="785"><subfield code="t">Webster Springs call</subfield><subfield code="w">(DLC)sn 86092400</subfield></datafield></record>